// Related work: Semantic function database in R
@inproceedings{neveu2010using,
  title={Using ontologies of software: example of R functions management},
  author={Neveu, Pascal and Domerg, Caroline and Fabre, Juliette and N{\`e}gre, Vincent and Gennari, Emilie and Tireau, Anne and Corby, Olivier and Faron-Zucker, Catherine and Mirbel, Isabelle},
  booktitle={International Workshop on Resource Discovery},
  pages={43--56},
  year={2010},
  organization={Springer}
}

// Reference: Comparison of ontology versus rules. Shows some good reasons why
// an ontology is more appropriate for my semantic type system.
@article{czarnecki2013ontologies,
  title={Ontologies vs. Rulesâ€”Comparison of Methods of Knowledge Representation Based on the Example of IT Services Management},
  author={Czarnecki, Adam and Sitek, Tomasz},
  journal={Information Systems Architecture and Technology: Intelligent Information Systems, Knowledge Discovery, Big Data and High Performance Computing},
  pages={99--109},
  year={2013}
}

// Protege: A tool for makeing OWL ontologies
// Protege-OWL supports qualified cardinality restrictions (QCRs) as `owl:valuesFrom`, which goes beyong OWL DL.
@inproceedings{knublauch2005protege,
  title={The Protege OWL Experience.},
  author={Knublauch, Holger and Horridge, Matthew and Musen, Mark A and Rector, Alan L and Stevens, Robert and Drummond, Nick and Lord, Phillip W and Noy, Natalya Fridman and Seidenberg, Julian and Wang, Hai},
  booktitle={OWLED},
  year={2005}
}

// This is a fantastic little article, introduces the relations between DL and
// other systems. Compact info.
@misc{ wiki:Description_logic,
  author = {{Description logic}},
  title = "Description logic --- {W}ikipedia{,} The Free Encyclopedia",
  year = "2017",
  url = "https://en.wikipedia.org/wiki/Description_logic",
  note = "[Online; accessed 28-December-2017]"
}

